<?xml version="1.0" encoding="UTF-8"?><collection xmlns="http://www.loc.gov/MARC21/slim"><record><leader>00373nam--2200133-i-4500</leader><controlfield tag="001">000023446</controlfield><controlfield tag="002">20161230</controlfield><controlfield tag="005">20161230201035</controlfield><controlfield tag="008">060222s1000------------r-----000-0-eng-d</controlfield><datafield ind1=" " ind2=" " tag="080"><subfield code="a">621.391:62-52</subfield></datafield><datafield ind1=" " ind2=" " tag="100"><subfield code="a">Hale, Francis J</subfield></datafield><datafield ind1=" " ind2=" " tag="245"><subfield code="a">Introduction to control system  anasysis and design</subfield></datafield><datafield ind1=" " ind2=" " tag="260"><subfield code="a">Englewood Cliffs, Prentice-hall, Inc., 1973. Xi + 322 P</subfield></datafield><datafield ind1=" " ind2=" " tag="852"><subfield code="a">42217</subfield></datafield></record></collection>